
@book{oetiker_2022,
	title = {The Not So Short Introduction to {LaTeX}},
	author = {Oetiker, Tobias and Serwin, Marcin and Partl, Hubert and Hyna, Irene and Schlegl, Elisabeth},
  year = {2022},
}

@book{mitchell_machine_1997,
	location = {Singapore},
	title = {Machine Learning},
	url = {http://www.cs.cmu.edu/afs/cs.cmu.edu/user/mitchell/ftp/mlbook.html},
	series = {{McGraw}-Hill Series in Computer Science},
	publisher = {{McGraw}-Hill},
	author = {Mitchell, Tom},
	year = {1997},
}
